@book{stewart2015calculus,
  title={CALCULUS},
  author={Stewart, James},
  edition={8th},
  publisher={Cengage Learning},
  year={2015}
}

@book{gtgiaitich2,
  title = {Giao Trinh GIAI TICH 2},
  author = {Nguyen Dinh Huy and Nguyen Ba Thi and Le Xuan Dai 
            and Dau The Phiet and Ngo Thu Luong and Tran Ngoc Diem},
  year = {2009},
  publisher = {NXB DHQG}
}

\end{filecontents*}
